@inproceedings{Carneiro2019,
   author = {S. Carneiro and G. Silva and G. Leite and R. Moreno and S. Guimarães and H. Pedrini},
   title = {{Multi-Stream Deep Convolutional Network Using High-Level Features Applied to Fall Detection in Video Sequences}},
   booktitle ={26th International Conference on Systems, Signals and Image Processing},
   address = {Osijek, Croatia},
   pages = {293--298},
   month = jun,
   year = {2019},
}

@article{wang2015towards,
	author={Wang, Limin and Xiong, Yuanjun and Wang, Zhe and Qiao, Yu},
  	title={{Towards Good Practices for Very Deep Two--Stream Convnets}},
  	journal={{Computer Research Repository}},
  	year={2015},
    volume={}
}

@inproceedings{yu2009fall,
    author={Miao Yu and Syed Mohsen Naqvi and Jonathon Chambers},
    title={{Fall Detection in the Elderly by Head Tracking}},
    booktitle={15th Workshop on Statistical Signal Processing},
    year={2009}
}

@inproceedings{yu2010robust,
    author={Miao Yu and Syed Mohsen Naqvi and Jonathon Chambers},
    title={{A Robust Fall Detection System for the Elderly in a Smart Room}},
    booktitle={IEEE International Conference on Acoustics, Speech and Signal Processing},
    year={2010}
}

@article{rougier2011robust,
	author={Rougier, Caroline and Meunier, Jean and St--Arnaud, Alain and Rousseau, Jacqueline},
  	title={{Robust Video Surveillance for Fall Detection Based on Human Shape Deformation}},
  	journal={{IEEE Transactions on Circuits and Systems for Video Technology}},
    year={2011},
  	volume={21},
  	number={5},
  	pages={611--622}
}

@article{qian2017recognizing,
    author={Huimin Qian and Jun Zhou and Yaobin Mao and Yue Yuan},
    title={{Recognizing Human Actions from Silhouettes Described with Weighted Distance Metric and Kinematics}},
    journal={Multimedia Tools and Applications},
    year={2017},
    volume={76},
    number={21},
    pages={21889--21910}
}

@inproceedings{edgcomb2012automated,
    author={Alex Edgcomb and Frank Vahid},
    title={{Automated Fall Detection on Privacy-Enhanced Video}},
    booktitle={Annual International Conference of the IEEE Engineering in Medicine and Biology Society},
    year={2012}
}

@inproceedings{charfi2012definition,
    author={Imen Charfi and Johel Miteran and Julien Dubois and Mohamed Atri and Rached Tourki},
    title={{Definition and Performance Evaluation of a Robust SVM Based Fall Detection Solution}},
    booktitle={8th International Conference on Signal Image Technology and Internet Based Systems},
    year={2012}
}

@article{lu2019deep,
    author={Na Lu and Yidan Wu and Li Feng and Jinbo Song},
    title={{Deep Learning for Fall Detection: Three-Dimensional CNN Combined With LSTM on Video Kinematic Data}},
    journal={IEEE Journal of Biomedical and Health Informatics },
    year={2019},
    volume={23},
    number={1},
    pages={314--323}
}

@inproceedings{lin2013fall,
    author={Bor-Shing Lin and Jhe-Shin Su and Hao Chen and Ching Yuh Jan},
    title={{A Fall Detection System based on Human Body Silhouette}},
    booktitle={9th International Conference on Intelligent Information Hiding and Multimedia Signal Processing},
    year={2013}
}

@article{kwolek2015improving,
    author={Bogdan Kwolek and Michal Kepski},
    title={{Improving Fall Detection by the Use of Depth Sensor and Accelerometer}},
    journal={Neurocomputing},
    year={2015},
    volume={168},
    pages={637--645}
}

@article{nunez2017vision,
	author={Núñez-Marcos, Adrián and Azkune, Gorka and Arganda-Carreras, Ignacio},
	title={{Vision-Based Fall Detection with Convolutional Neural Networks}},
  	journal={Wireless Communications and Mobile Computing},
  	year={2017},
    volume={2017}
}

@article{zerrouki2018combined,
    author={Nabil Zerrouki and Amrane Houacine},
    title={{Combined Curvelets and Hidden Markov Models for Human Fall Detection}},
    journal={Multimedia Tools and Applications},
    year={2018},
    volume={77},
    number={5},
    pages={6405--6424}
}

@inproceedings{anishchenko2018machine,
    author={Lesya Anishchenko},
    title={{Machine Learning in Video Surveillance for Fall Detection}},
    booktitle={Ural Symposium on Biomedical Engineering, Radioelectronics and Information Technology},
    year={2018}
}

@inproceedings{jain2018abnormal,
    author={Charvi Jain and Diwakar Gautam},
    title={{Abnormal Behaviour Detection at Traffic Junctions using Lucas Kanade and Harris Corner Detector}},
    booktitle={4th International Conference on Recent Advances in Information Technology},
    year={2018}
}

@inproceedings{lowhur2015dense,
    author={Anthony Lowhur and Mooi Choo Chuah},
    title={{Dense Optical Flow based Emotion Recognition Classifier}},
    booktitle={12th International Conference on Mobile Ad Hoc and Sensor Systems},
    year={2015}
}

@article{soomro2012ucf101,
    author={Soomro, K. and Zamir, Amir R. and Shah, M.},
    title={{UCF101: A Dataset of 101 Human Actions Classes from Videos in the Wild}},
    journal={arXiv preprint arXiv:1212.0402},
    year={2012}
}


@article{kwolek2014human,
	author={Kwolek, Bogdan and Kepski, Michal},
  	title={{Human Fall Detection on Embedded Platform Using Depth Maps and Wireless Accelerometer}},
  	journal={{Computer Methods and Programs in Biomedicine}},
    year={2014},
  	volume={117},
  	number={3},
  	pages={489--501}
}

@inproceedings{imagenet_cvpr09,
    author={Deng, J. and Dong, W. and Socher, R. and Li, L.-J. and Li, K. and Fei-Fei, L.},
    title={{ImageNet: A Large-Scale Hierarchical Image Database}},
    booktitle={IEEE Conference on Computer Vision and Pattern Recognition},
    year={2009}
}

@article{charfi2013optimised,
	author={Charfi, Imen and Miteran, Johel and Dubois, Julien and Atri, Mohamed and Tourki, Rached},
	title={{Optimised Spatio-Temporal Descriptors for Real-Time Fall Detection: Comparison of SVM and Adaboost Based Classification}},
    journal={Journal of Electronic Imaging},
	year={2013},
	volume={22},
    number={4}
}

@article{harrou2017vision,
    author={Harrou, Fouzi and Zerrouki, Nabil and Sun, Ying and Houacine, Amrane},
    title={{Vision-Based Fall Detection System for Improving Safety of Elderly People}},
    journal={IEEE Instrumentation \& Measurement Magazine},
    year={2017},
    volume={20},
    number={6},
    pages={49--55}
}

@inproceedings{bhandari2017novel,
    author={Bhandari, Smriti and Babar, Navnee and Gupta, Pranav and Shah, Nidhi and Pujari, Shreyas},
    title={{A Novel Approach for Fall Detection in Home Environment}},
    booktitle={IEEE 6th Global Conference on Consumer Electronics },
    year={2017}
}

@inproceedings{sase2018human,
    author={Priyanka S. Sase and Smriti H. Bhandari},
    title={{Human Fall Detection using Depth Videos}},
    booktitle={5th International Conference on Signal Processing and Integrated Networks},
    year={2018}
}

@misc{who2007report,
    author={{World Health Organization}},
    title={{WHO Global Report on Falls Prevention in Older Age}},
    year={2015},
    publisher={{World Health Organization}}
}

@article{chernbumroong2012elderly,
	author={Chernbumroong, Saisakul and Cang, Shuang and Atkins, Anthony and Yu, Hongnian},
	title={{Elderly Activities Recognition and Classification for Applications in Assisted Living}},
    journal={Expert Systems with Applications},
    year={2013},
    volume={40},
    number={5},
    pages={1662--1674}
}

@inproceedings{sundararajan2017axiomatic,
    author={Sundararajan, Mukund and Taly, Ankur and Yan, Qiqi},
    title={{Axiomatic Attribution for Deep Networks}},
    booktitle={International Conference on Machine Learning},
    year={2017}
}

@inproceedings{sehairi2018elderly,
    author={Sehairi, Kamal and Chouireb, Fatima and Meunier, Jean},
    title={{Elderly Fall Detection System based on Multiple Shape Features and Motion Analysis}},
    booktitle={International Conference on Intelligent Systems and Computer Vision},
    year={2018}
}

@article{panahi2018human,
    author={Panahi, Leila and Ghods, Vahid},
    title={{Human Fall Detection Using Machine Vision Techniques on RGB-D Images}},
    journal={Biomedical Signal Processing and Control},
    year={2018},
    volume={44},
    pages={146--153}
}

@article{abobakr2017skeleton,
    author={Abobakr, Ahmed and Hossny, Mohammed and Nahavandi, Saeid},
    title={{A Skeleton-Free Fall Detection System from Depth Images Using Random Decision Forest}},
    journal={IEEE Systems Journal},
    year={2017},
    volume={12},
    number={3},
    pages={2994--3005}
}

@article{mastorakis2018fall,
    author={Mastorakis, Georgios and Ellis, Tim and Makris, Dimitrios},
    title={{Fall Detection Without People: A Simulation Approach Tackling Video Data Scarcity}},
    journal={Expert Systems with Applications},
    year={2018},
    volume={112},
    pages={125--137}
}

@article{zuo2019enhanced,
    author={Zuo, Zheming and Wei, Bo and Chao, Fei and Qu, Yanpeng and Peng, Yonghong and Yang, Longzhi},
    title={{Enhanced Gradient-Based Local Feature Descriptors by Saliency Map for Egocentric Action Recognition}},
    journal={Applied System Innovation},
    year={2019},
    volume={2},
    number={1},
    pages={7}
}

@article{meng2018interpretable,
    author={Meng, Lili and Zhao, Bo and Chang, Bo and Huang, Gao and Sun, Wei and Tung, Frederick and Sigal, Leonid},
    title={{Interpretable Spatio-Temporal Attention for Video Action Recognition}},
    journal={arXiv preprint arXiv:1810.04511},
    year={2018}
}

@inproceedings{albawendi2018video,
    author={Albawendi, Suad and Lotfi, Ahmad and Powell, Heather and Appiah, Kofi},
    title={{Video Based Fall Detection Using Features of Motion, Shape and Histogram}},
    booktitle={Proceedings of the 11th PErvasive Technologies Related to Assistive Environments Conference},
    year={2018}
}

@article{xu2018new,
    author={Xu, Tao and Zhou, Yun and Zhu, Jing},
    title={{New Advances and Challenges of Fall Detection Systems: A Survey}},
    journal={Applied Sciences},
    year={2018},
    volume={8},
    number={3},
    pages={418}
}

@inproceedings{huang2018video,
    author={Huang, Zhanyuan and Liu, Yang and Fang, Yajun and Horn, Berthold KP},
    title={{Video-Based Fall Detection for Seniors with Human Pose Estimation}},
    booktitle={4th International Conference on Universal Village},
    year={2018}
}
