@incollection{simonyan2014,
  title = {{Two-Stream Convolutional Networks for Action Recognition in Videos}},
  author = {Simonyan, K. and Zisserman, A.},
  booktitle = {Advances in Neural Information Processing Systems 27},
  editor = {Z. Ghahramani and M. Welling and C. Cortes and N.D. Lawrence and K.Q. Weinberger},
  pages = {568--576},
  year = {2014},
  publisher = {Curran Associates, Inc.},
}

@article{wang2015towards,
  title={{Towards Good Practices for very Deep Two-Stream Convnets}},
  author={Wang, L. and Xiong, Y. and Wang, Z. and Qiao, Y.},
  journal={arXiv preprint arXiv:1507.02159},
  year={2015}
}

@inproceedings{lin2005compressed,
  title={{Compressed-Domain Fall Incident Detection for Intelligent Home Surveillance}},
  author={Lin, C.-W. and Ling, Z.-H. and Chang, Y.-C. and Kuo, C. J.},
  booktitle={International Symposium on Circuits and Systems},
  pages={3781--3784},
  year={2005},
  organization={IEEE}
}

@article{anderson2006recognizing,
  title={{Recognizing Falls from Silhouettes}},
  author={Anderson, D. T. and Keller, J. M. and Skubic, M. and Chen, X. and He, Z.},
  journal={International Conference of the IEEE Engineering in Medicine and Biology Society},
  year={2006},
  publisher={IEEE}
}


@inproceedings{yu2009fall,
  title={{Fall Detection in the Elderly by Head Tracking}},
  author={Yu, M. and Naqvi, Syed . and Chambers, J.},
  booktitle={5th Workshop on Statistical Signal Processing},
  pages={357--360},
  year={2009},
  organization={IEEE}
}

@inproceedings{yu2010robust,
  title={{A Robust Fall Detection System for the Elderly in a Smart Room}},
  author={Yu, M. and Naqvi, S. M. and Chambers, J.},
  booktitle={IEEE International Conference on Acoustics Speech and Signal Processing},
  pages={1666--1669},
  year={2010},
}

@article{rougier2011robust,
  title={{Robust Video Surveillance for Fall Detection based on Human Shape Deformation}},
  author={Rougier, C. and Meunier, J. and St-Arnaud, A. and Rousseau, J.},
  journal={IEEE Transactions on Circuits and Systems for Video Technology},
  volume={21},
  number={5},
  pages={611--622},
  year={2011},
}

@article{qian2017recognizing,
  title={{Recognizing Human Actions from Silhouettes Described with Weighted Distance Metric and Kinematics}},
  author={Qian, H. and Zhou, J. and Mao, Y. and Yuan, Y.},
  journal={Multimedia Tools and Applications},
  volume={76},
  number={21},
  pages={21889--21910},
  year={2017},
  publisher={Springer}
}

@inproceedings{yu2017computer,
  title={{Computer Vision based Fall Detection by a Convolutional Neural Network}},
  author={Yu, M. and Gong, L. and Kollias, S.},
  booktitle={19th ACM International Conference on Multimodal Interaction},
  pages={416--420},
  year={2017},
  organization={ACM}
}

@inproceedings{edgcomb2012automated,
  title={{Automated Fall Detection on Privacy-Enhanced Video}},
  author={Edgcomb, A. and Vahid, F.},
  booktitle={Annual International Conference of the IEEE Engineering in Medicine and Biology Society},
  pages={252--255},
  year={2012},
}

@article{charfi2012definition,
  title={{Definition and Performance Evaluation of a Robust SVM Based Fall Detection Solution}},
  author={Charfi, I. and Miteran, J. and Dubois, J. and Atri, M. and Tourki, R.},
  journal={International Conference on Signal Image Technology and Internet Based Systems},
  volume={12},
  pages={218--224},
  year={2012}
}

@article{lu2018deep,
  title={{Deep Learning for Fall Detection: 3D-CNN Combined with LSTM on Video Kinematic Data}},
  author={Lu, N. and Wu, Y. and Feng, L. and Song, J.},
  journal={IEEE Journal of Biomedical and Health Informatics},
  year={2018},
  publisher={IEEE}
}

@inproceedings{lin2013fall,
  title={{A Fall Detection System based on Human Body Silhouette}},
  author={Lin, B.-S. and Su, J.-S. and Chen, H. and Jan, C. Y.},
  booktitle={9th International Conference on Intelligent Information Hiding and Multimedia Signal Processing},
  pages={49--52},
  year={2013},
  organization={IEEE}
}

@article{kwolek2015improving,
  title={{Improving Fall Detection by the Use of Depth Sensor and Accelerometer}},
  author={Kwolek, B. and Kepski, M.},
  journal={Neurocomputing},
  volume={168},
  pages={637--645},
  year={2015},
  publisher={Elsevier}
}

@inproceedings{kumar2016fall,
  title={{Fall Detection in RGB-D Videos by Combining Shape and Motion Features}},
  author={Kumar, D. P. and Yun, Y. and Gu, I. Yu-Hua},
  booktitle={IEEE International Conference on Acoustics, Speech and Signal Processing},
  pages={1337--1341},
  year={2016},
}

@inproceedings{zerrouki2016fall,
  title={{Fall Detection using Supervised Machine Learning Algorithms: A Comparative Study}},
  author={Zerrouki, N. and Harrou, F. and Houacine, A. and Sun, Y.},
  booktitle={8th International Conference on Modelling, Identification and Control},
  pages={665--670},
  year={2016},
  organization={IEEE}
}

@article{nunez2017vision,
  title={{Vision-based Fall Detection with Convolutional Neural Networks}},
  author={N{\'u}{\~n}ez-Marcos, A. and Azkune, G. and Arganda-Carreras, I.},
  journal={Wireless Communications and Mobile Computing},
  volume={2017},
  year={2017},
  publisher={Hindawi}
}

@article{akagunduz2017silhouette,
  title={{Silhouette Orientation Volumes for Efficient Fall Detection in Depth Videos}},
  author={Akag{\"u}nd{\"u}z, E. and Aslan, M. and {\c{S}}eng{\"u}r, A. and Wang, H. and {\.I}nce, M. C.},
  journal={IEEE Journal of Biomedical and Health Informatics},
  volume={21},
  number={3},
  pages={756--763},
  year={2017},
  publisher={IEEE}
}

@inproceedings{dawar2018convolutional,
  title={{A Convolutional Neural Network-Based Sensor Fusion System for Monitoring Transition Movements in Healthcare Applications}},
  author={Dawar, N. and Kehtarnavaz, N.},
  booktitle={14th International Conference on Control and Automation},
  pages={482--485},
  year={2018},
  organization={IEEE}
}

@inproceedings{li2017fall,
  title={{Fall Detection for Elderly Person Care using Convolutional Neural Networks}},
  author={Li, X. and Pang, T. and Liu, W. and Wang, T.},
  booktitle={10th International Congress on Image and Signal Processing, BioMedical Engineering and Informatics},
  pages={1--6},
  year={2017},
  organization={IEEE}
}

@inproceedings{yu2017computer,
  title={{Computer Vision based Fall Detection by a Convolutional Neural Network}},
  author={Yu, M. and Gong, L. and Kollias, S.},
  booktitle={19th ACM International Conference on Multimodal Interaction},
  pages={416--420},
  year={2017},
  organization={ACM}
}

@article{zerrouki2018combined,
  title={{Combined Curvelets and Hidden Markov Models for Human Fall Detection}},
  author={Zerrouki, N. and Houacine, A.},
  journal={Multimedia Tools and Applications},
  volume={77},
  number={5},
  pages={6405--6424},
  year={2018},
  publisher={Springer}
}

@inproceedings{anishchenko2018machine,
  title={{Machine Learning in Video Surveillance for Fall Detection}},
  author={Anishchenko, L.},
  booktitle={Ural Symposium on Biomedical Engineering, Radioelectronics and Information Technology},
  pages={99--102},
  year={2018},
  organization={IEEE}
}

@inproceedings{jain2018abnormal,
  title={{Abnormal Behaviour Detection at Traffic Junctions using Lucas Kanade and Harris Corner Detector}},
  author={Jain, C. and Gautam, D.},
  booktitle={4th International Conference on Recent Advances in Information Technology},
  pages={1--5},
  year={2018},
  organization={IEEE}
}

@inproceedings{lowhur2015dense,
  title={{Dense Optical Flow based Emotion Recognition Classifier}},
  author={Lowhur, A. and Chuah, M. C.},
  booktitle={12th International Conference on Mobile Ad Hoc and Sensor Systems},
  pages={573--578},
  year={2015},
  organization={IEEE}
}

@article{cao2016realtime,
  title={{Realtime Multi-Person 2D Pose Estimation using Part Affinity Fields}},
  author={Cao, Z. and Simon, T. and Wei, S.-E. and Sheikh, Y.},
  journal={arXiv preprint arXiv:1611.08050},
  year={2016}
}

@inproceedings{dietterich2000ensemble,
  title={{Ensemble Methods in Machine Learning}},
  author={Dietterich, T. G.},
  booktitle={International Workshop on Multiple Classifier Systems},
  pages={1--15},
  year={2000},
  organization={Springer}
}

@inproceedings{deng2009imagenet,
  title={{Imagenet: A Large-Scale Hierarchical Image Database}},
  author={Deng, J. and Dong, W. and Socher, R. and Li, L.-J. and Li, K. and Fei-Fei, L.},
  booktitle={Conference on Computer Vision and Pattern Recognition},
  pages={248--255},
  year={2009},
  organization={IEEE}
}

@article{soomro2012ucf101,
  title={{UCF101: A Dataset of 101 Human Actions Classes from Videos in the Wild}},
  author={Soomro, K. and Zamir, Amir R. and Shah, M.},
  journal={arXiv preprint arXiv:1212.0402},
  year={2012}
}


@article{kepski2014human,
  title={{Human Fall Detection on Embedded Platform using Depth Maps and Wireless Accelerometer}},
  author={Kwolek, B. and Kepski, M.},
  journal={Computer Methods and Programs in Biomedicine},
  volume={117},
  number={3},
  pages={489--501},
  year={2014},
  publisher={Elsevier}
}

@inproceedings{imagenet_cvpr09,
        AUTHOR = {Deng, J. and Dong, W. and Socher, R. and Li, L.-J. and Li, K. and Fei-Fei, L.},
        TITLE = {{ImageNet: A Large-Scale Hierarchical Image Database}},
        BOOKTITLE = {CVPR09},
        YEAR = {2009},
        BIBSOURCE = "http://www.image-net.org/papers/imagenet_cvpr09.bib"
}

@article{charfi2013optimised,
  title={Optimized spatio-temporal descriptors for real-time fall detection: comparison of support vector machine and Adaboost-based classification},
  author={Charfi, Imen and Miteran, Johel and Dubois, Julien and Atri, Mohamed and Tourki, Rached},
  journal={Journal of Electronic Imaging},
  volume={22},
  number={4},
  pages={041106},
  year={2013},
  publisher={International Society for Optics and Photonics}
}

@article{harrou2017vision,
  title={Vision-based fall detection system for improving safety of elderly people},
  author={Harrou, Fouzi and Zerrouki, Nabil and Sun, Ying and Houacine, Amrane},
  journal={IEEE Instrumentation \& Measurement Magazine},
  volume={20},
  number={6},
  pages={49--55},
  year={2017},
  publisher={IEEE}
}

@inproceedings{bhandari2017novel,
  title={A novel approach for fall detection in home environment},
  author={Bhandari, Smriti and Babar, Navnee and Gupta, Pranav and Shah, Nidhi and Pujari, Shreyas},
  booktitle={2017 IEEE 6th Global Conference on Consumer Electronics (GCCE)},
  pages={1--5},
  year={2017},
  organization={IEEE}
}

@inproceedings{sase2018human,
  title={Human Fall Detection using Depth Videos},
  author={Sase, Priyanka S and Bhandari, Smriti H},
  booktitle={2018 5th International Conference on Signal Processing and Integrated Networks (SPIN)},
  pages={546--549},
  year={2018},
  organization={IEEE}
}

@misc{who2007report,
    author={{World Health Organization}},
    title={{WHO Global Report on Falls Prevention in Older Age}},
    year={2015},
    publisher={{World Health Organization}}
}

@article{chernbumroong2012elderly,
	author={Chernbumroong, Saisakul and Cang, Shuang and Atkins, Anthony and Yu, Hongnian},
	title={{Elderly Activities Recognition and Classification for Applications in Assisted Living}},
    journal={Expert Systems with Applications},
    year={2013},
    volume={40},
    number={5},
    pages={1662--1674}
}

@inproceedings{sundararajan2017axiomatic,
  title={Axiomatic attribution for deep networks},
  author={Sundararajan, Mukund and Taly, Ankur and Yan, Qiqi},
  booktitle={Proceedings of the 34th International Conference on Machine Learning-Volume 70},
  pages={3319--3328},
  year={2017},
  organization={JMLR. org}
}

@inproceedings{sehairi2018elderly,
  title={Elderly fall detection system based on multiple shape features and motion analysis},
  author={Sehairi, Kamal and Chouireb, Fatima and Meunier, Jean},
  booktitle={2018 International Conference on Intelligent Systems and Computer Vision (ISCV)},
  pages={1--8},
  year={2018},
  organization={IEEE}
}

@article{panahi2018human,
  title={Human fall detection using machine vision techniques on RGB--D images},
  author={Panahi, Leila and Ghods, Vahid},
  journal={Biomedical Signal Processing and Control},
  volume={44},
  pages={146--153},
  year={2018},
  publisher={Elsevier}
}

@article{abobakr2017skeleton,
  title={A skeleton-free fall detection system from depth images using random decision forest},
  author={Abobakr, Ahmed and Hossny, Mohammed and Nahavandi, Saeid},
  journal={IEEE Systems Journal},
  volume={12},
  number={3},
  pages={2994--3005},
  year={2017},
  publisher={IEEE}
}

@article{mastorakis2018fall,
  title={Fall detection without people: A simulation approach tackling video data scarcity},
  author={Mastorakis, Georgios and Ellis, Tim and Makris, Dimitrios},
  journal={Expert Systems with Applications},
  volume={112},
  pages={125--137},
  year={2018},
  publisher={Elsevier}
}

@article{zuo2019enhanced,
  title={Enhanced gradient-based local feature descriptors by saliency map for egocentric action recognition},
  author={Zuo, Zheming and Wei, Bo and Chao, Fei and Qu, Yanpeng and Peng, Yonghong and Yang, Longzhi},
  journal={Applied System Innovation},
  volume={2},
  number={1},
  pages={7},
  year={2019},
  publisher={Multidisciplinary Digital Publishing Institute}
}

@article{meng2018interpretable,
  title={Interpretable Spatio-temporal Attention for Video Action Recognition},
  author={Meng, Lili and Zhao, Bo and Chang, Bo and Huang, Gao and Sun, Wei and Tung, Frederick and Sigal, Leonid},
  journal={arXiv preprint arXiv:1810.04511},
  year={2018}
}

@inproceedings{albawendi2018video,
  title={Video based fall detection using features of motion, shape and histogram},
  author={Albawendi, Suad and Lotfi, Ahmad and Powell, Heather and Appiah, Kofi},
  booktitle={Proceedings of the 11th PErvasive Technologies Related to Assistive Environments Conference},
  pages={529--536},
  year={2018},
  organization={ACM}
}

@article{xu2018new,
  title={New advances and challenges of fall detection systems: A survey},
  author={Xu, Tao and Zhou, Yun and Zhu, Jing},
  journal={Applied Sciences},
  volume={8},
  number={3},
  pages={418},
  year={2018},
  publisher={Multidisciplinary Digital Publishing Institute}
}

@inproceedings{huang2018video,
  title={Video-based Fall Detection for Seniors with Human Pose Estimation},
  author={Huang, Zhanyuan and Liu, Yang and Fang, Yajun and Horn, Berthold KP},
  booktitle={2018 4th International Conference on Universal Village (UV)},
  pages={1--4},
  year={2018},
  organization={IEEE}
}
